<record><leader>00000cas a22000007a 4500</leader><controlfield tag="001">23108479</controlfield><controlfield tag="008">910215d18911uuucouwr ne      0    0eng d</controlfield><datafield ind1=" " ind2=" " tag="010"><subfield code="a">sn 91052099 </subfield></datafield><datafield ind1=" " ind2=" " tag="040"><subfield code="a">CNQ</subfield><subfield code="b">eng</subfield><subfield code="c">CNQ</subfield><subfield code="d">OCLCQ</subfield></datafield><datafield ind1=" " ind2=" " tag="042"><subfield code="a">msc</subfield></datafield><datafield ind1="0" ind2="4" tag="245"><subfield code="a">The avalanche echo.</subfield></datafield><datafield ind1="1" ind2="3" tag="246"><subfield code="a">Avalanche and Glenwood echo</subfield></datafield><datafield ind1="3" ind2="0" tag="246"><subfield code="a">Echo avalanche</subfield></datafield><datafield ind1=" " ind2=" " tag="260"><subfield code="a">Glenwood Springs, Colo. :</subfield><subfield code="b">H.J. Holmes</subfield></datafield><datafield ind1=" " ind2=" " tag="300"><subfield code="a">v.</subfield></datafield><datafield ind1=" " ind2=" " tag="310"><subfield code="a">Weekly</subfield></datafield><datafield ind1="0" ind2=" " tag="362"><subfield code="a">Vol. 4, no. 36 (Sept. 11, 1891)- = v. 7, no. 35-</subfield></datafield><datafield ind1=" " ind2=" " tag="500"><subfield code="a">Published as: Echo avalanche, Mar. 2, 1905, and Sept. 6, 1906.</subfield></datafield><datafield ind1=" " ind2=" " tag="530"><subfield code="a">Available on microfilm from the Colorado Historical Society.</subfield></datafield><datafield ind1=" " ind2=" " tag="580"><subfield code="a">Daily eds.: Avalanche in it daily, and: Avalanche (Glenwood Springs, Colo.), and: Daily avalanche.</subfield></datafield><datafield ind1=" " ind2=" " tag="752"><subfield code="a">United States</subfield><subfield code="b">Colorado</subfield><subfield code="c">Garfield</subfield><subfield code="d">Glenwood Springs.</subfield></datafield><datafield ind1="1" ind2=" " tag="775"><subfield code="t">Avalanche in it daily</subfield><subfield code="w">(DLC)sn 91052623</subfield></datafield><datafield ind1="1" ind2=" " tag="775"><subfield code="t">Avalanche (Glenwood Springs, Colo.)</subfield><subfield code="w">(DLC)sn 91052103</subfield></datafield><datafield ind1="1" ind2=" " tag="775"><subfield code="t">Daily avalanche</subfield><subfield code="w">(DLC)sn 91052098</subfield></datafield><datafield ind1="0" ind2="0" tag="780"><subfield code="t">Avalanche and Glenwood echo</subfield><subfield code="w">(DLC)sn 90051370</subfield></datafield><datafield ind1="0" ind2="4" tag="785"><subfield code="t">Glenwood post (Glenwood Springs, Colo. : 1897)</subfield><subfield code="w">(DLC)sn 91052064</subfield></datafield></record>